@article{lorenzetto02trapezoidation,
    author = {Gian Paolo Lorenzetto and Amitava Datta and Richard Thomas},
    title = {{A fast trapezoidation technique for planar polygons}},
    journal = {Computer \& Graphics},
    volume = {26},
    pages = {281--289},
    year = {2002}
}

@article{asano11shortestpath,
  author = {Tetsuo Asano and Wolfgang Mulzer and Günter Rote and Yajun Wang},
  title = {{Constant-work-space algorithms for geometric problems}},
  journal = {Journal of Computational Geometry},
  volume = {2},
  pages = {46--68},
  year = {2011}
}

@techreport{virmani91polygons,
  author =  {Joseph O'Rourke and Mandira Virmani},
  title = {{Generating random polygons}},
  number = {11},
  institution = {Department of Computer Science, Smith College},
  year =  {1991}
}

@inproceedings{held98polygons,
    author = {Thomas Auer and Martin Held},
    title = {{RPG - Heuristics for the Generation of Random Polygons}},
    booktitle = {Proceedings of the 8th Canadian Conference on Computational Geometry},
    year = {1998},
    pages = {38--44}
}

@inproceedings{dailey08rpa,
 author = {David Dailey and Deborah Whitfield},
 title = {Constructing random polygons},
 booktitle = {Proceedings of the 9th ACM SIGITE conference on Information technology education},
 series = {SIGITE '08},
 year = {2008},
 pages = {119--124}
} 

@misc{geometrylab,
  author = {GeometryLab Universität Bonn},
  title = {{Zufallsgenerierte Polygone}},
  howpublished = {\url{http://web.informatik.uni-bonn.de/I/GeomLab/RandomPolygon/index.html}}
}

@article{seidel91asimple,
    author = {Raimund Seidel},
    title = {{A Simple and Fast Incremental Randomized Algorithm for Computing Trapezoidal Decompositions and for Triangulating Polygons}},
    journal = {Comput. Geom. Theory Appl},
    year = {1991},
    volume = {1},
    pages = {51--64}
}
